%%PAGINAS WEB ******************************************************************************************************
@misc{Gartner,
	author = {Gartner},
	title = {IT Glossary},
	year = {ne},
	howpublished = {Recuperado de  {https://www.gartner.com/it-glossary/devops}},
	note = {Accedido el 28-08-2019}
}

@misc{TicNews2017,
	author = {TicNews},
	title = {8 beneficios de adoptar Las DevOps en tu empresa},
	year = {2017},
	howpublished = {Recuperado de  {https://ticnews.net/8-beneficios-de-adoptar-las-devops-en-tu-empresa/}},
	note = {Accedido el 28-08-2019}
}

@misc{Platzi2019,
	author = {Platzi},
	title = {Ciclo de vida del DevOps},
	year = {2019},
	howpublished = {Recuperado de  {https://platzi.com/blog/ciclo-de-vida-del-devops/}},
	note = {Accedido el 28-08-2019}
}

@misc{DevopsBD,
	author = {Dora,Google},
	title = {2018 DORA State of DevOps Report},
	year = {2018},
	howpublished = {Recuperado de  {https://inthecloud.withgoogle.com/state-of-devops-18/dl-cd.html}},
	note = {Accedido 31-08-2019}
}

@misc{DevopsBD2,
	author = {redgate},
	title = {DevOps and the database: what's going on?},
	year = {2017},
	howpublished = {Recuperado de  {https://assets.red-gate.com/solutions/database-devops/shift-left-redgate-issue-2.pdf}},
	note = {Accedido 31-08-2019}
}

@misc{CI/CD,
	author = {Eduardo Piairo},
	title = {Why and How Database Changes Should Be Included in the Deployment Pipeline},
	year = {2018},
	howpublished = {Recuperado de  {https://n9.cl/duq6}},
	note = {Accedido 31-08-2019}
}


%%LIBROS **********************************************************************************************************

@book{Walls2013,
	author = {Walls, M.},
	title = {Building a DevOps Culture},
	year = {2013},
	publisher = {Sebastopol: O’Reilly},
}

@book{Humble2011,
	author = {Humble, J. y Farley, D.},
	title = {Continuous Delivery},
	year = {2011},
	publisher = {Editorial Addison Wesley},
}

@book{Huttermann2012,
	author = {Hüttermann, M.},
	title = {DevOps for Developers},
	year = {2012},
	publisher = {Apress },
}

%%TESIS **********************************************************************************************************

@mastersthesis{Perez2018,
	author = {Pérez, L.},
	title = {DevOps: IT Development in the Era of Digitalization },
	year = {2018},
	address  = {Universidad de Valladolid, España},
	howpublished = {Recuperado de  {https://n9.cl/ar2v}},
	note = {Accedido el 29-08-2019}
}

@mastersthesis{Jimenez2016,
	author = {Jiménez, G.},
	title = {DevOps, la nueva tendencia en el desarrollo de sistemas TI, un caso práctico en el análisis de incidencias de software},
	year = {2016},
	address  = {Universitat Politécnica de Catalunya, España},
	howpublished = {Recuperado de  {https://n9.cl/qqfj8}},
	note = {Accedido el 29-08-2019}
}

